@unpublished{kooima,
   author = "Robert Kooima",
   title = "Generalized perspective projection",
   year = 2009
   }

@article{umeyama,
author = {S. Umeyama},
title = {Least-Squares Estimation of Transformation Parameters Between Two Point Patterns},
journal ={IEEE Transactions on Pattern Analysis and Machine Intelligence},
volume = {13},
issn = {0162-8828},
year = {1991},
pages = {376-380},
doi = {http://doi.ieeecomputersociety.org/10.1109/34.88573},
publisher = {IEEE Computer Society},
address = {Los Alamitos, CA, USA},
}

@book{Buss:2003:CGM:861813,
 author = {Buss, Samuel R.},
 title = {3D Computer Graphics: A Mathematical Introduction with OpenGL},
 year = {2003},
 isbn = {0521821037},
 publisher = {Cambridge University Press},
 address = {New York, NY, USA},
} 

@MISC{eigenweb,
 author = {Ga\"{e}l Guennebaud and Beno\^{i}t Jacob and others},
 title = {Eigen v3},
 howpublished = {http://eigen.tuxfamily.org},
 year = {2010}
}

@book{DBLP:books/daglib/0086372,
  author    = {Gene H. Golub and
               Charles F. van Loan},
  title     = {Matrix computations (3. ed.)},
  publisher = {Johns Hopkins University Press},
  year      = {1996},
  isbn      = {978-0-8018-5414-9},
  pages     = {I-XXVII, 1-694},
  bibsource = {DBLP, http://dblp.uni-trier.de}
}

@book{Ma:2003:IVI:971144,
 author = {Ma, Yi and Soatto, Stefano and Kosecka, Jana and Sastry, S. Shankar},
 title = {An Invitation to 3-D Vision: From Images to Geometric Models},
 year = {2003},
 isbn = {0387008934},
 publisher = {SpringerVerlag},
} 